@article{batson,
    author = "Batson, C.D. and Thompson, E.R. and  Seuferling, G. and Whitney, H. and Strongman, J.A.",
    title = "Moral hypocrisy: appearing moral to oneself without being so",
    journal = "Journal of Personality and Social Psychology", 
    volume = "77",
    number = "3",
    pages = "525--537",
    year = "1999",
    DOI = "https://www.ncbi.nlm.nih.gov/pubmed/10510506"
}

@article{aronson,
    author = "Aronson, E. and Mills, J.",
    title = "The effect of severity of initiation on liking for a group",
    journal = "The Journal of Abnormal and Social Psychology",
    volume = "59",
    number = "2",
    pages = "177-181",
    year = "1959", 
    DOI = "http://psycnet.apa.org/record/1960-02853-001"
}

@article{mattson,
    author = "Mattson, M.E. and Curb, J.D. and McArdle, R.",
    title = "Participation in a clinical trial: the patients' point of view",
    journal = "Controlled clinical trials",
    volume = "6",
    number = "2",
    pages = "156-167",
    year = "1985"
}

@article {bargh,
    author = "Bargh, J.A. and Chen, M. and Burrows, L.",
    title = "Automaticity of social behavior: Direct effects of trait construct and stereotype activation on action",
    journal = "Journal of Personality and Social Psychology",
    volume = "72",
    pages = "230-244",
    year = "1996"
}

@article {trivers,
    author = "Trivers, Robert",
    title = "The Evolution of Reciprocal Altruism",
    journal = "The Quarterly Review of Biology",
    volume = "46",
    number = "1",
    pages = "35-57",
    year = "1971"
}